<record><leader>00000cas a2200000 a 4500</leader><controlfield tag="001">29464411</controlfield><controlfield tag="008">931210d19861997wiuwr ne      0    0eng c</controlfield><datafield ind1=" " ind2=" " tag="010"><subfield code="a">sn 94061021 </subfield></datafield><datafield ind1=" " ind2=" " tag="040"><subfield code="a">ANU</subfield><subfield code="b">eng</subfield><subfield code="c">ANU</subfield><subfield code="d">NYS</subfield><subfield code="d">NVF</subfield><subfield code="d">CVF</subfield><subfield code="d">CNK</subfield><subfield code="d">NYS</subfield><subfield code="d">OCLCQ</subfield><subfield code="d">OCLCF</subfield><subfield code="d">OCLCO</subfield></datafield><datafield ind1="1" ind2=" " tag="029"><subfield code="a">AU@</subfield><subfield code="b">000011358202</subfield></datafield><datafield ind1=" " ind2=" " tag="042"><subfield code="a">pcc</subfield></datafield><datafield ind1=" " ind2=" " tag="043"><subfield code="a">n-us-wi</subfield></datafield><datafield ind1="0" ind2="0" tag="245"><subfield code="a">Ho-chunk wo-lduk.</subfield></datafield><datafield ind1=" " ind2=" " tag="260"><subfield code="a">Tomah, Wis. :</subfield><subfield code="b">Wisconsin Winnebago Business Committee</subfield></datafield><datafield ind1=" " ind2=" " tag="300"><subfield code="a">v. ;</subfield><subfield code="c">36 cm.</subfield></datafield><datafield ind1=" " ind2=" " tag="310"><subfield code="a">Weekly,</subfield><subfield code="b">Apr. 12, 1996-June 27, 1997</subfield></datafield><datafield ind1=" " ind2=" " tag="321"><subfield code="a">Frequency varies,</subfield><subfield code="b">Nov. 1986-Apr. 1996</subfield></datafield><datafield ind1="0" ind2=" " tag="362"><subfield code="a">Vol. 1, issue 1 (Nov. 1986)-v. 11, no. 17 (June 27, 1997).</subfield></datafield><datafield ind1=" " ind2=" " tag="500"><subfield code="a">Published in Black River Falls, Wis., &lt;1993&gt;-1997.</subfield></datafield><datafield ind1=" " ind2=" " tag="500"><subfield code="a">Publisher: Wisconsin Winnebago Business Committee's Newsletter Dept., &lt;1992-1995&gt;.</subfield></datafield><datafield ind1=" " ind2=" " tag="500"><subfield code="a">"Share the pride."</subfield></datafield><datafield ind1=" " ind2=" " tag="515"><subfield code="a">Vol. 7, no. [14] (Late July 1993) misnumbered v. 7, no. 13 and misdated Early July 1993.</subfield></datafield><datafield ind1=" " ind2="0" tag="650"><subfield code="a">Indians of North America</subfield><subfield code="z">Wisconsin</subfield><subfield code="v">Newspapers.</subfield></datafield><datafield ind1=" " ind2="0" tag="650"><subfield code="a">Winnebago Indians</subfield><subfield code="z">Wisconsin</subfield><subfield code="v">Newspapers.</subfield></datafield><datafield ind1=" " ind2="0" tag="651"><subfield code="a">Black River Falls (Wis.)</subfield><subfield code="v">Newspapers.</subfield></datafield><datafield ind1=" " ind2="0" tag="651"><subfield code="a">Jackson County (Wis.)</subfield><subfield code="v">Newspapers.</subfield></datafield><datafield ind1=" " ind2="0" tag="651"><subfield code="a">Tomah (Wis.)</subfield><subfield code="v">Newspapers.</subfield></datafield><datafield ind1=" " ind2="0" tag="651"><subfield code="a">Monroe County (Wis.)</subfield><subfield code="v">Newspapers.</subfield></datafield><datafield ind1=" " ind2="7" tag="655"><subfield code="a">Newspapers.</subfield><subfield code="2">fast</subfield><subfield code="0">(OCoLC)fst01423814</subfield></datafield><datafield ind1=" " ind2="7" tag="650"><subfield code="a">Indians of North America.</subfield><subfield code="2">fast</subfield><subfield code="0">(OCoLC)fst00969633</subfield></datafield><datafield ind1=" " ind2="7" tag="650"><subfield code="a">Winnebago Indians.</subfield><subfield code="2">fast</subfield><subfield code="0">(OCoLC)fst01176022</subfield></datafield><datafield ind1=" " ind2="7" tag="651"><subfield code="a">Wisconsin.</subfield><subfield code="2">fast</subfield><subfield code="0">(OCoLC)fst01204595</subfield></datafield><datafield ind1=" " ind2="7" tag="651"><subfield code="a">Wisconsin</subfield><subfield code="z">Black River Falls.</subfield><subfield code="2">fast</subfield><subfield code="0">(OCoLC)fst01222692</subfield></datafield><datafield ind1=" " ind2="7" tag="651"><subfield code="a">Wisconsin</subfield><subfield code="z">Jackson County.</subfield><subfield code="2">fast</subfield><subfield code="0">(OCoLC)fst01228133</subfield></datafield><datafield ind1=" " ind2="7" tag="651"><subfield code="a">Wisconsin</subfield><subfield code="z">Monroe County.</subfield><subfield code="2">fast</subfield><subfield code="0">(OCoLC)fst01212354</subfield></datafield><datafield ind1=" " ind2="7" tag="651"><subfield code="a">Wisconsin</subfield><subfield code="z">Tomah.</subfield><subfield code="2">fast</subfield><subfield code="0">(OCoLC)fst01224883</subfield></datafield><datafield ind1="1" ind2=" " tag="710"><subfield code="a">Wisconsin Winnebago Nation.</subfield></datafield><datafield ind1=" " ind2=" " tag="752"><subfield code="a">United States</subfield><subfield code="b">Wisconsin</subfield><subfield code="c">Jackson</subfield><subfield code="d">Black River Falls.</subfield></datafield><datafield ind1=" " ind2=" " tag="752"><subfield code="a">United States</subfield><subfield code="b">Wisconsin</subfield><subfield code="c">Monroe</subfield><subfield code="d">Tomah.</subfield></datafield><datafield ind1="0" ind2="0" tag="785"><subfield code="t">Hocak worak</subfield><subfield code="w">(DLC)sn 00062171</subfield><subfield code="w">(OCoLC)44086779</subfield></datafield></record>